@article{hammerstrom1990digital,
  title={A digital VLSI architecture for real-world applications},
  author={Hammerstrom, Dan},
  journal={VLSI for Artificial Intelligence and Neural Networks},
  pages={180--187},
  year={1990},
  publisher={Springer}
}

@inproceedings{gupta2015deep,
  title={Deep learning with limited numerical precision},
  author={Gupta, Suyog and Agrawal, Ankur and Gopalakrishnan, Kailash and Narayanan, Pritish},
  booktitle={International Conference on Machine Learning},
  pages={1737--1746},
  year={2015}
}

@article{hubara2016quantized,
  title={Quantized neural networks: Training neural networks with low precision weights and activations},
  author={Hubara, Itay and Courbariaux, Matthieu and Soudry, Daniel and El-Yaniv, Ran and Bengio, Yoshua},
  journal={Journal of Machine Learning Research},
  volume={18},
  number={1},
  pages={6869--6898},
  year={2016}
}

@inproceedings{jouppi2017datacenter,
  title={In-datacenter performance analysis of a tensor processing unit},
  author={Jouppi, Norman P and Young, Cliff and Patil, Nishant and Patterson, David and Agrawal, Gaurav and others},
  booktitle={Proceedings of the 44th Annual International Symposium on Computer Architecture},
  pages={1--12},
  year={2017}
}

@article{micikevicius2018mixed,
  title={Mixed precision training},
  author={Micikevicius, Paulius and Narang, Sharan and Alben, Jonah and Diamos, Gregory and Elsen, Erich and Garcia, David and Ginsburg, Boris and Houston, Michael and Kuchaiev, Oleksii and Venkatesh, Ganesh and others},
  journal={arXiv preprint arXiv:1710.03740},
  year={2018}
}

@article{blalock2020state,
  title={What is the state of neural network pruning?},
  author={Blalock, Davis and Ortiz, Jose Javier Gonzalez and Frankle, Jonathan and Guttag, John},
  journal={Proceedings of Machine Learning and Systems},
  volume={2},
  pages={129--146},
  year={2020}
}

@article{gholami2021survey,
  title={A survey of quantization methods for efficient neural network inference},
  author={Gholami, Amir and Kim, Sehoon and Dong, Zhen and Yao, Zhewei and Mahoney, Michael W and Keutzer, Kurt},
  journal={arXiv preprint arXiv:2103.13630},
  year={2021}
}

@inproceedings{zhang2018lq,
  title={LQ-Nets: Learned quantization for highly accurate and compact deep neural networks},
  author={Zhang, Dongqing and Yang, Jiaolong and Ye, Dongqiangzi and Hua, Gang},
  booktitle={Proceedings of the European Conference on Computer Vision},
  pages={365--382},
  year={2018}
}

@inproceedings{wang2019haq,
  title={HAQ: Hardware-aware automated quantization with mixed precision},
  author={Wang, Kuan and Liu, Zhijian and Lin, Yujun and Lin, Ji and Han, Song},
  booktitle={Proceedings of the IEEE/CVF Conference on Computer Vision and Pattern Recognition},
  pages={8612--8620},
  year={2019}
}